@article{knuth84,
  author     = {Donald E. Knuth},
  title      = {Literate Programming},
  journal    = {The Computer Journal},
  year       = {1984},
  number     = {2},
  volume     = {27},
  pages      = {97--111},
}

@book{knuth86a,
  author     = {Donald E. Knuth},
  title      = {The {\TeX}book},
  volume     = {A},
  publisher  = {Addison-Wesley},
  address    = {Reading, MA, USA},
  year       = {1986},
  series     = {Computers and Typesetting},
}

@book{lamport94,
  author     = {Leslie Lamport},
  title      = {{\LaTeX}: a Document Preparation System},
  publisher  = {Addison-Wesley},
  address    = {Reading, MA, USA},
  edition    = {2},
  year       = {1994},
}

@book{tlc2,
  author     = {Frank Mittelbach and Michel Goossens and Johannes
                 Braams and David Carlisle},
  title      = {The {\LaTeX} Companion},
  publisher  = {Addison-Wesley},
  address    = {Reading, MA, USA},
  edition    = {2},
  year       = {2004},
}


2.14.1 顺序编码制

@book{sunliguang2016jidi,
  editor     = {孙立广},
  title      = {极地科学前沿与热点：顶级期刊论文摘要汇编（1999—2010）},
  address    = {合肥},
  publisher  = {中国科学技术大学出版社},
  year       = {2016},
  pages      = {222},
}

@book{liyongchi2016zhangliang,
  author     = {李永池},
  title      = {张量初步和近代连续介质力学概论},
  edition    = {2},
  address    = {合肥},
  publisher  = {中国科学技术大学出版社},
  year       = {2016},
  pages      = {61},
}

@book{liujingshuang2014shidi,
  author     = {刘景双},
  title      = {湿地生态系统碳、氮、硫、磷生物地球化学过程},
  address    = {合肥},
  publisher  = {中国科学技术大学出版社},
  year       = {2014},
}

@book{crawford1995future,
  author     = {Crawford, Walt and Gorman, Michael},
  title      = {Future Libraries: Dreams, Madness, \& Reality},
  address    = {Chicago},
  publisher  = {American Library Association},
  year       = {1995},
}

@book{ifla1977names,
  author     = {{International Federation of Library Association and Institutions}},
  title      = {Names of Persons: National Usage for Entry in Catalogues},
  edition    = {3},
  address    = {London},
  publisher  = {IFLA Internation Office for UBC},
  year       = {1977},
}

@incollection{chenggenwei1999hongshui,
  author     = {程根伟},
  title      = {1998年长江洪水的成因与减灾对策},
  editor     = {许厚泽 and 赵其国},
  booktitle  = {长江流域洪涝灾害与科技对策},
  address    = {北京},
  publisher  = {科学出版社},
  year       = {1999},
  pages      = {26--32},
}

@incollection{chenjinbiao1980jixian,
  author     = {陈晋镳 and 张惠民 and 朱士兴 and 赵震 and 王振刚},
  title      = {蓟县震旦亚界研究},
  editor     = {中国地质科学院天津地质矿产研究所},
  booktitle  = {中国震旦亚界},
  address    = {天津},
  publisher  = {天津科学技术出版社},
  year       = {1980},
  pages      = {56--114},
}

@incollection{buseck2018subsolidus,
  title      = {Subsolidus Phenomena in Pyroxenes},
  author     = {Buseck, Peter R and Nord, Jr., Gordon L and Veblen, David R},
  editor     = {Charles T. Prewitt},
  booktitle  = {Pyroxenes},
  address    = {Washington, D.C.},
  publisher  = {Mineralogical Society of America},
  year       = {1980},
  pages      = {117--212},
}

@inproceedings{fourney1971advances,
  author     = {Fourney, M E},
  title      = {Advances in Holographic Photoelasticity},
  booktitle  = {American Society of Mechanical Engineers．Applied Mechanics Division．Symposium on Applications of Holography in Mechanics, August 23-25,1971,University of Southern California, Los Angeles, California},
  address    = {New York},
  publisher  = {ASME},
  year       = {1971},
  pages      = {17--38},
}

@article{kongqingyong2015keji,
  author     = {孔庆勇 and 郭红健 and 孔庆和},
  title      = {我国科技期刊的金字塔分层模型及发展路径初探},
  journal    = {中国科技期刊研究},
  year       = {2015},
  volume     = {26},
  number     = {10},
  pages      = {1100--1103},
}

@article{yanghongsheng2013siku,
  author     = {杨洪升},
  title      = {四库馆私家抄校书考略},
  journal    = {文献},
  year       = {2013},
  number     = {1},
  pages      = {56--75},
}

@article{yuxiao2012hulianwang,
  author     = {于潇 and 刘义 and 柴跃廷 and others},
  title      = {互联网药品可信交易环境中主体资质审核备案模式},
  journal    = {清华大学学报(自然科学版)},
  year       = {2012},
  volume     = {52},
  number     = {11},
  pages      = {1518--1521},
}

@article{desmarais1992carbon,
  author     = {Des Marais, David J and Strauss, H and Summons, R E and others},
  title      = {Carbon Isotope Evidence for the Stepwise Oxidation of the Proterozoic Environment},
  journal    = {Nature},
  year       = {1992},
  volume     = {359},
  pages      = {605--609},
}

@article{hewitt1984technical,
  title      = {Technical Services in 1983},
  author     = {HEWITT, Joe A},
  journal    = {Library Resource Services},
  year       = {1984},
}

@newspaper{dingwenxiang2000shuzi,
  author     = {丁文详},
  title      = {数字革命与竞争国际化},
  journal    = {中国青年报},
  year       = {2000},
  date       = {2000-11-20},
  number     = {15},
}

@patent{jiangxizhou1989waifu,
  author     = {姜锡洲},
  title      = {一种温热外敷药制备方案},
  address    = {中国},
  number     = {88105607.3},
  year       = {1989},
  date       = {1989-07-26},
}

@database{wanjinkun1996wenzhai,
  author     = {万锦坤},
  title      = {中国大学学报论文文摘（1983--1993）（英文版）},
  medium     = {CD},
  address    = {北京},
  publisher  = {中国大百科全书出版社},
  year       = {1996},
}

@article{christine1998plant,
  title      = {Plant physiology: Plant Biology in the {Genome Era}},
  author     = {Mlot, Christine},
  journal    = {Science},
  volume     = {281},
  pages      = {331--332},
  year       = {1998},
  urldate    = {1998-09-23},
}

@phdthesis{sunyuwen2000hanyu,
  author     = {孙玉文},
  title      = {汉语变调构词研究},
  address    = {北京},
  school     = {北京大学},
  year       = {2000},
}

@phdthesis{cairns1965infrared,
  author     = {Cairns, Bruce Richard},
  title      = {Infrared Spectroscopic Studies of Solid Oxygen},
  address    = {Berkeley},
  school     = {Univ. of California},
  date       = {1965},
}

@proceedings{lixuexuehui1990lunwenji,
  title      = {第 3 届全国实验流体力学学术会议论文集},
  editor     = {中国力学学会},
  address    = {天津},
  year       = {1990},
}

@proceedings{rosenthall1963mathematical,
  editor     = {Rosenthall, Edward M},
  title      = {Proceedings of the {Fifth Canadian Mathematical Congress}, {University of Montreal}, 1961},
  address    = {Toronto},
  publisher  = {University of Toronto Press},
  year       = {1963},
}


2.14.2 著者-出版年制

@book{baker1995future,
  author     = {Baker, S K and Jackson, M E},
  title      = {The Future of Resource Sharing},
  address    = {New York},
  publisher  = {The Haworth Press},
  year       = {1995},
}

@book{nigeluopangdi1996shuzi,
  author     = {尼葛洛庞帝},
  title      = {数字化生存},
  translator = {胡泳 and 范海燕},
  address    = {海口},
  publisher  = {海南出版社},
  year       = {1996},
  key        = {ni2 ge3 luo4 pang2 di4},
}

@article{yangzongying1996dianzi,
  author     = {杨宗英},
  title      = {电子图书馆的现实模型},
  journal    = {中国图书馆学报},
  year       = {1996},
  number     = {2},
  pages      = {24--29},
  key        = {yang2 zong1 ying1},
}

@book{liubin2014lixue,
  author     = {刘斌},
  title      = {力学},
  address    = {合肥},
  puslisher  = {中国科学技术大学出版社},
  pages      = {24--29},
  year       = {2014},
  key        = {yang2 zong1 ying1},
}


本科毕业论文（设计）参考文献式样

@article{ustc-bachelor:01,
  title = {网络时代经济发展战略特征},
  author = {刘文富 and 顾丽梅},
  year = {2000},
  journal = {学术研究},
  volume = {21},
  number = {4},
  pages = {35--40},
  url = {https://kns.cnki.net/kcms2/article/abstract?v=3uoqIhG8C44YLTlOAiTRKgchrJ08w1e79zTD32bjb4xSTlZqRyr7rTIf7ok1AFpatLUPx8UT1OWFBNkw65sK7Uwjbq66SQOt&uniplatform=NZKPT},
  langid = {chinese}
}

@book{ustc-bachelor:02,
  title = {知识时代的企业合作经营},
  author = {肖渡 and 沈群红 and 张芸 and 胡汉辉},
  year = {2000},
  pages = {67--69},
  publisher = {北京大学出版社},
  address = {北京},
  url = {https://book.douban.com/subject/1632549/},
  langid = {chinese}
}

@techreport{ustc-bachelor:03,
  title = {Technology for Economic Growth},
  author = {{The White House}},
  year = {1993},
  month = nov,
  address = {Washington},
  url = {https://clintonwhitehouse6.archives.gov/1993/11/1993-11-04-technology-for-economic-growth-table-of-contents.html},
  langid = {english}
}

@article{ustc-bachelor:04,
  title = {Vibrational Dependence of the Anisotropic Intermolecular Potential of Argon-Hydrogen Chloride},
  author = {Hutson, Jeremy M.},
  year = {1992},
  month = may,
  journal = {J. Phys. Chem.},
  volume = {96},
  number = {11},
  pages = {4237--4247},
  issn = {0022-3654},
  doi = {10.1021/j100190a026},
  url = {https://doi.org/10.1021/j100190a026},
  urldate = {2023-05-31},
  langid = {english}
}

@article{DBLP:journals/corr/abs-2011-09384,
  author       = {Dan Feldman},
  title        = {Introduction to Core-sets: an Updated Survey},
  journal      = {CoRR},
  volume       = {abs/2011.09384},
  year         = {2020},
  url          = {https://arxiv.org/abs/2011.09384},
  eprinttype    = {arXiv},
  eprint       = {2011.09384},
  timestamp    = {Wed, 25 Nov 2020 16:34:14 +0100},
  biburl       = {https://dblp.org/rec/journals/corr/abs-2011-09384.bib},
  bibsource    = {dblp computer science bibliography, https://dblp.org}
}


@inproceedings{Wang2021RobustAF,
 author = {Zixiu Wang and
Yiwen Guo and
Hu Ding},
 bibsource = {dblp computer science bibliography, https://dblp.org},
 biburl = {https://dblp.org/rec/conf/nips/WangGD21.bib},
 booktitle = {Advances in Neural Information Processing Systems 34: Annual Conference
on Neural Information Processing Systems 2021, NeurIPS 2021, December
6-14, 2021, virtual},
 editor = {Marc'Aurelio Ranzato and
Alina Beygelzimer and
Yann N. Dauphin and
Percy Liang and
Jennifer Wortman Vaughan},
 pages = {14319--14331},
 timestamp = {Tue, 03 May 2022 01:00:00 +0200},
 title = {Robust and Fully-Dynamic Coreset for Continuous-and-Bounded Learning
(With Outliers) Problems},
 url = {https://proceedings.neurips.cc/paper/2021/hash/7806689d934e610d660caf5536fea0b2-Abstract.html},
 year = {2021}
}


@inproceedings{DBLP:conf/pods/IndykMMM14,
  author       = {Piotr Indyk and
                  Sepideh Mahabadi and
                  Mohammad Mahdian and
                  Vahab S. Mirrokni},
  editor       = {Richard Hull and
                  Martin Grohe},
  title        = {Composable core-sets for diversity and coverage maximization},
  booktitle    = {Proceedings of the 33rd {ACM} {SIGMOD-SIGACT-SIGART} Symposium on
                  Principles of Database Systems, PODS'14, Snowbird, UT, USA, June 22-27,
                  2014},
  pages        = {100--108},
  publisher    = {{ACM}},
  year         = {2014},
  url          = {https://doi.org/10.1145/2594538.2594560},
  doi          = {10.1145/2594538.2594560},
  timestamp    = {Tue, 06 Nov 2018 00:00:00 +0100},
  biburl       = {https://dblp.org/rec/conf/pods/IndykMMM14.bib},
  bibsource    = {dblp computer science bibliography, https://dblp.org}
}



@article{DBLP:journals/jacm/AgarwalHV04,
  author       = {Pankaj K. Agarwal and
                  Sariel Har{-}Peled and
                  Kasturi R. Varadarajan},
  title        = {Approximating extent measures of points},
  journal      = {J. {ACM}},
  volume       = {51},
  number       = {4},
  pages        = {606--635},
  year         = {2004},
  url          = {https://doi.org/10.1145/1008731.1008736},
  doi          = {10.1145/1008731.1008736},
  timestamp    = {Tue, 07 May 2024 01:00:00 +0200},
  biburl       = {https://dblp.org/rec/journals/jacm/AgarwalHV04.bib},
  bibsource    = {dblp computer science bibliography, https://dblp.org}
}



@article{DBLP:journals/corr/BravermanFL16,
  author       = {Vladimir Braverman and
                  Dan Feldman and
                  Harry Lang},
  title        = {New Frameworks for Offline and Streaming Coreset Constructions},
  journal      = {CoRR},
  volume       = {abs/1612.00889},
  year         = {2016},
  url          = {http://arxiv.org/abs/1612.00889},
  eprinttype    = {arXiv},
  eprint       = {1612.00889},
  timestamp    = {Mon, 13 Aug 2018 01:00:00 +0200},
  biburl       = {https://dblp.org/rec/journals/corr/BravermanFL16.bib},
  bibsource    = {dblp computer science bibliography, https://dblp.org}
}



@article{DBLP:journals/pr/BiggioR18,
  author       = {Battista Biggio and
                  Fabio Roli},
  title        = {Wild patterns: Ten years after the rise of adversarial machine learning},
  journal      = {Pattern Recognit.},
  volume       = {84},
  pages        = {317--331},
  year         = {2018},
  url          = {https://doi.org/10.1016/j.patcog.2018.07.023},
  doi          = {10.1016/J.PATCOG.2018.07.023},
  timestamp    = {Sat, 09 Apr 2022 01:00:00 +0200},
  biburl       = {https://dblp.org/rec/journals/pr/BiggioR18.bib},
  bibsource    = {dblp computer science bibliography, https://dblp.org}
}



@article{DBLP:journals/talg/ChanGMZ16,
  author       = {T.{-}H. Hubert Chan and
                  Anupam Gupta and
                  Bruce M. Maggs and
                  Shuheng Zhou},
  title        = {On Hierarchical Routing in Doubling Metrics},
  journal      = {{ACM} Trans. Algorithms},
  volume       = {12},
  number       = {4},
  pages        = {55:1--55:22},
  year         = {2016},
  url          = {https://doi.org/10.1145/2915183},
  doi          = {10.1145/2915183},
  timestamp    = {Wed, 18 Aug 2021 01:00:00 +0200},
  biburl       = {https://dblp.org/rec/journals/talg/ChanGMZ16.bib},
  bibsource    = {dblp computer science bibliography, https://dblp.org}
}



@inproceedings{DBLP:conf/stoc/FeldmanL11,
  author       = {Dan Feldman and
                  Michael Langberg},
  editor       = {Lance Fortnow and
                  Salil P. Vadhan},
  title        = {A unified framework for approximating and clustering data},
  booktitle    = {Proceedings of the 43rd {ACM} Symposium on Theory of Computing, {STOC}
                  2011, San Jose, CA, USA, 6-8 June 2011},
  pages        = {569--578},
  publisher    = {{ACM}},
  year         = {2011},
  url          = {https://doi.org/10.1145/1993636.1993712},
  doi          = {10.1145/1993636.1993712},
  timestamp    = {Tue, 06 Nov 2018 00:00:00 +0100},
  biburl       = {https://dblp.org/rec/conf/stoc/FeldmanL11.bib},
  bibsource    = {dblp computer science bibliography, https://dblp.org}
}



@inproceedings{DBLP:conf/focs/HuangJLW18,
  author       = {Lingxiao Huang and
                  Shaofeng H.{-}C. Jiang and
                  Jian Li and
                  Xuan Wu},
  editor       = {Mikkel Thorup},
  title        = {Epsilon-Coresets for Clustering (with Outliers) in Doubling Metrics},
  booktitle    = {59th {IEEE} Annual Symposium on Foundations of Computer Science, {FOCS}
                  2018, Paris, France, October 7-9, 2018},
  pages        = {814--825},
  publisher    = {{IEEE} Computer Society},
  year         = {2018},
  url          = {https://doi.org/10.1109/FOCS.2018.00082},
  doi          = {10.1109/FOCS.2018.00082},
  timestamp    = {Sat, 30 Sep 2023 01:00:00 +0200},
  biburl       = {https://dblp.org/rec/conf/focs/HuangJLW18.bib},
  bibsource    = {dblp computer science bibliography, https://dblp.org}
}



@article{DBLP:journals/siamcomp/Chen09,
  author       = {Ke Chen},
  title        = {On Coresets for k-Median and k-Means Clustering in Metric and Euclidean
                  Spaces and Their Applications},
  journal      = {{SIAM} J. Comput.},
  volume       = {39},
  number       = {3},
  pages        = {923--947},
  year         = {2009},
  url          = {https://doi.org/10.1137/070699007},
  doi          = {10.1137/070699007},
  timestamp    = {Sat, 27 May 2017 01:00:00 +0200},
  biburl       = {https://dblp.org/rec/journals/siamcomp/Chen09.bib},
  bibsource    = {dblp computer science bibliography, https://dblp.org}
}



@article{DBLP:journals/jcss/LiLS01,
  author       = {Yi Li and
                  Philip M. Long and
                  Aravind Srinivasan},
  title        = {Improved Bounds on the Sample Complexity of Learning},
  journal      = {J. Comput. Syst. Sci.},
  volume       = {62},
  number       = {3},
  pages        = {516--527},
  year         = {2001},
  url          = {https://doi.org/10.1006/jcss.2000.1741},
  doi          = {10.1006/JCSS.2000.1741},
  timestamp    = {Tue, 16 Feb 2021 00:00:00 +0100},
  biburl       = {https://dblp.org/rec/journals/jcss/LiLS01.bib},
  bibsource    = {dblp computer science bibliography, https://dblp.org}
}



@inproceedings{DBLP:conf/gi/MunteanuSSW19,
  author       = {Alexander Munteanu and
                  Chris Schwiegelshohn and
                  Christian Sohler and
                  David P. Woodruff},
  editor       = {Klaus David and
                  Kurt Geihs and
                  Martin Lange and
                  Gerd Stumme},
  title        = {On Coresets for Logistic Regression},
  booktitle    = {49. Jahrestagung der Gesellschaft f{\"{u}}r Informatik, 50 Jahre
                  Gesellschaft f{\"{u}}r Informatik - Informatik f{\"{u}}r
                  Gesellschaft, {INFORMATIK} 2019, Kassel, Germany, September 23-26,
                  2019},
  series       = {{LNI}},
  volume       = {{P-294}},
  pages        = {267--268},
  publisher    = {{GI}},
  year         = {2019},
  url          = {https://doi.org/10.18420/inf2019\_37},
  doi          = {10.18420/INF2019\_37},
  timestamp    = {Tue, 04 Jul 2023 17:43:40 +0200},
  biburl       = {https://dblp.org/rec/conf/gi/MunteanuSSW19.bib},
  bibsource    = {dblp computer science bibliography, https://dblp.org}
}



@article{DBLP:journals/cssc/YangXYX22,
  author       = {Guangren Yang and
                  Sijia Xiang and
                  Weixin Yao and
                  Lin Xu},
  title        = {Robust estimation and outlier detection for varying-coefficient models
                  via penalized regression},
  journal      = {Commun. Stat. Simul. Comput.},
  volume       = {51},
  number       = {10},
  pages        = {5845--5856},
  year         = {2022},
  url          = {https://doi.org/10.1080/03610918.2020.1784429},
  doi          = {10.1080/03610918.2020.1784429},
  timestamp    = {Fri, 11 Nov 2022 00:00:00 +0100},
  biburl       = {https://dblp.org/rec/journals/cssc/YangXYX22.bib},
  bibsource    = {dblp computer science bibliography, https://dblp.org}
}



@phdthesis{DBLP:books/daglib/0035668,
  author       = {Melanie Schmidt},
  title        = {Coresets and streaming algorithms for the k-means problem and related
                  clustering objectives},
  school       = {Universit{\"{a}}t Dortmund},
  year         = {2014},
  url          = {https://doi.org/10.17877/DE290R-43},
  doi          = {10.17877/DE290R-43},
  urn          = {urn:nbn:de:101:1-201608251125},
  timestamp    = {Sat, 17 Jul 2021 01:00:00 +0200},
  biburl       = {https://dblp.org/rec/books/daglib/0035668.bib},
  bibsource    = {dblp computer science bibliography, https://dblp.org}
}
@inproceedings{DBLP:conf/stoc/Har-PeledM04,
  author       = {Sariel Har{-}Peled and
                  Soham Mazumdar},
  editor       = {L{\'{a}}szl{\'{o}} Babai},
  title        = {On coresets for k-means and k-median clustering},
  booktitle    = {Proceedings of the 36th Annual {ACM} Symposium on Theory of Computing,
                  Chicago, IL, USA, June 13-16, 2004},
  pages        = {291--300},
  publisher    = {{ACM}},
  year         = {2004},
  url          = {https://doi.org/10.1145/1007352.1007400},
  doi          = {10.1145/1007352.1007400},
  timestamp    = {Tue, 07 May 2024 20:08:57 +0200},
  biburl       = {https://dblp.org/rec/conf/stoc/Har-PeledM04.bib},
  bibsource    = {dblp computer science bibliography, https://dblp.org}
}

@inproceedings{DBLP:conf/esa/HenzingerK20,
  author       = {Monika Henzinger and
                  Sagar Kale},
  editor       = {Fabrizio Grandoni and
                  Grzegorz Herman and
                  Peter Sanders},
  title        = {Fully-Dynamic Coresets},
  booktitle    = {28th Annual European Symposium on Algorithms, {ESA} 2020, September
                  7-9, 2020, Pisa, Italy (Virtual Conference)},
  series       = {LIPIcs},
  volume       = {173},
  pages        = {57:1--57:21},
  publisher    = {Schloss Dagstuhl - Leibniz-Zentrum f{\"{u}}r Informatik},
  year         = {2020},
  url          = {https://doi.org/10.4230/LIPIcs.ESA.2020.57},
  doi          = {10.4230/LIPICS.ESA.2020.57},
  timestamp    = {Sun, 02 Oct 2022 16:00:34 +0200},
  biburl       = {https://dblp.org/rec/conf/esa/HenzingerK20.bib},
  bibsource    = {dblp computer science bibliography, https://dblp.org}
}

@book{DBLP:books/wi/RousseeuwL87,
  author       = {Peter J. Rousseeuw and
                  Annick Leroy},
  title        = {Robust Regression and Outlier Detection},
  series       = {Wiley Series in Probability and Statistics},
  publisher    = {Wiley},
  year         = {1987},
  url          = {https://doi.org/10.1002/0471725382},
  doi          = {10.1002/0471725382},
  isbn         = {978-0-47185233-9},
  timestamp    = {Mon, 29 Jul 2019 15:58:39 +0200},
  biburl       = {https://dblp.org/rec/books/wi/RousseeuwL87.bib},
  bibsource    = {dblp computer science bibliography, https://dblp.org}
}

@misc{bachem2017practical,
      title={Practical Coreset Constructions for Machine Learning}, 
      author={Olivier Bachem and Mario Lucic and Andreas Krause},
      year={2017},
      eprint={1703.06476},
      archivePrefix={arXiv},
      primaryClass={stat.ML}
}

@misc{misc_covertype_31,
  author       = {Blackard,Jock},
  title        = {{Covertype}},
  year         = {1998},
  howpublished = {UCI Machine Learning Repository},
  note         = {{DOI}: https://doi.org/10.24432/C50K5N}
}

@misc{misc_us_census_data_(1990)_116,
  author       = {Meek,Chris, Thiesson,Bo, and Heckerman,David},
  title        = {{US Census Data (1990)}},
  howpublished = {UCI Machine Learning Repository},
  note         = {{DOI}: https://doi.org/10.24432/C5VP42}
}

@inproceedings{DBLP:conf/sdm/ChawlaG13,
  author       = {Sanjay Chawla and
                  Aristides Gionis},
  title        = {k-means-: {A} Unified Approach to Clustering and Outlier Detection},
  booktitle    = {Proceedings of the 13th {SIAM} International Conference on Data Mining,
                  May 2-4, 2013. Austin, Texas, {USA}},
  pages        = {189--197},
  publisher    = {{SIAM}},
  year         = {2013},
  url          = {https://doi.org/10.1137/1.9781611972832.21},
  doi          = {10.1137/1.9781611972832.21},
  timestamp    = {Wed, 17 May 2017 14:24:53 +0200},
  biburl       = {https://dblp.org/rec/conf/sdm/ChawlaG13.bib},
  bibsource    = {dblp computer science bibliography, https://dblp.org}
}